@BOOK{Main,
      author =       "Vijay Krishna",
      title =        "Auction theory",
      publisher =    "Academic Press",
      volume =    "2",
     day =    "28",
      month = "Sep",
      year =         "2009",
      pages =         "299--304",
note="pr√≠loha G",
      ISBN =  "9780080922935"
    }
